@article{simha_hydrodynamic_02,
  title = {Hydrodynamic {{Fluctuations}} and {{Instabilities}} in {{Ordered Suspensions}} of {{Self}}-{{Propelled Particles}}},
  volume = {89},
  doi = {10.1103/PhysRevLett.89.058101},
  number = {5},
  journal = {Phys. Rev. Lett.},
  author = {Simha, R. A. and Ramaswamy, S.},
  month = jul,
  year = {2002},
  annote = {Mention of long wavelength instability

~}
}

@article{archer_dynamical_04a,
  title = {Dynamical Density Functional Theory for Interacting {{Brownian}} Particles: Stochastic or Deterministic?},
  volume = {37},
  shorttitle = {Dynamical Density Functional Theory for Interacting {{Brownian}} Particles},
  doi = {10.1088/0305-4470/37/40/001},
  number = {40},
  journal = {J. Phys. A},
  author = {Archer, A. J. and Rauscher, M.},
  month = oct,
  year = {2004},
  pages = {9325-9333}
}

@article{ellery_modeling_16,
  title = {Modeling Transport through an Environment Crowded by a Mixture of Obstacles of Different Shapes and Sizes},
  volume = {449},
  doi = {10.1016/j.physa.2015.12.123},
  journal = {Physica A},
  author = {Ellery, A. J. and Baker, R. E. and McCue, S. W. and Simpson, M. J.},
  month = may,
  year = {2016},
  pages = {74-84}
}

@article{archer_dynamical_04,
  title = {Dynamical Density Functional Theory and Its Application to Spinodal Decomposition},
  volume = {121},
  doi = {10.1063/1.1778374},
  number = {9},
  journal = {J. Chem. Phys.},
  author = {Archer, A. J. and Evans, R.},
  month = sep,
  year = {2004},
  pages = {4246-4254}
}

@article{kayser_bifurcation_78,
  title = {Bifurcation in {{Onsager}}'s Model of the Isotropic-Nematic Transition},
  volume = {17},
  number = {6},
  journal = {Phys. Rev. A},
  author = {Kayser, R. F. and Ravech{\'e}, H. J.},
  year = {1978},
  pages = {2067}
}

@article{marconi_dynamic_99,
  title = {Dynamic Density Functional Theory of Fluids},
  volume = {110},
  doi = {10.1063/1.478705},
  number = {16},
  journal = {J. Chem. Phys.},
  author = {Marconi, U. M. B. and Tarazona, P.},
  month = apr,
  year = {1999},
  pages = {8032-8044}
}

@article{frenkel_molecular_83,
  title = {Molecular Dynamics Study of the Dynamical Properties of an Assembly of Infinitely Thin Hard Rods},
  volume = {49},
  number = {3},
  journal = {Mol. Phys.},
  author = {Frenkel, D. and Maguire, J. F.},
  year = {1983},
  pages = {503--541}
}

@article{onsager_effects_49,
  title = {The Effects of Shape on the Interaction of Colloidal Particles},
  volume = {51},
  number = {4},
  journal = {Ann. N. Y. Acad. Sci.},
  author = {Onsager, L.},
  year = {1949},
  pages = {627--659}
}

@article{frenkel_molecular_81,
  title = {Molecular Dynamics Study of Infinitely Thin Hard Rods: Scaling Behavior of Transport Properties},
  volume = {47},
  shorttitle = {Molecular Dynamics Study of Infinitely Thin Hard Rods},
  number = {15},
  journal = {Phys. Rev. Lett.},
  author = {Frenkel, D. and Maguire, J. F.},
  year = {1981},
  pages = {1025}
}

@book{dhont_introduction_96,
  address = {Amsterdam, Netherlands ; New York},
  series = {Studies in interface science},
  title = {An Introduction to Dynamics of Colloids},
  isbn = {978-0-444-82009-9},
  lccn = {QD549 .D494 1996},
  number = {vol. 2},
  publisher = {{Elsevier}},
  author = {Dhont, J. K. G.},
  year = {1996}
}

@article{evans_nature_79,
  title = {The Nature of the Liquid-Vapour Interface and Other Topics in the Statistical Mechanics of Non-Uniform, Classical Fluids},
  volume = {28},
  doi = {10.1080/00018737900101365},
  number = {2},
  journal = {Adv. Phys.},
  author = {Evans, R.},
  month = apr,
  year = {1979},
  pages = {143-200}
}

@article{cavagna_scalefree_10,
  title = {Scale-Free Correlations in Starling Flocks},
  volume = {107},
  doi = {10.1073/pnas.1005766107},
  number = {26},
  journal = {Proc. Natl. Acad. Sci. U.S.A.},
  author = {Cavagna, A. and Cimarelli, A. and Giardina, I. and Parisi, G. and Santagati, R. and Stefanini, F. and Viale, M.},
  month = jun,
  year = {2010},
  pages = {11865-11870},
  pmid = {20547832}
}

@article{ramaswamy_active_03,
  title = {Active Nematics on a Substrate: {{Giant}} Number Fluctuations and Long-Time Tails},
  volume = {62},
  shorttitle = {Active Nematics on a Substrate},
  doi = {10.1209/epl/i2003-00346-7},
  number = {2},
  journal = {EPL},
  author = {Ramaswamy, S. and Simha, R. A. and Toner, J.},
  month = apr,
  year = {2003},
  pages = {196}
}

@article{gopinath_dynamical_12,
  title = {Dynamical Self-Regulation in Self-Propelled Particle Flows},
  volume = {85},
  doi = {10.1103/PhysRevE.85.061903},
  number = {6},
  journal = {Phys. Rev. E},
  author = {Gopinath, A. and Hagan, M. F. and Marchetti, M. C. and Baskaran, A.},
  month = jun,
  year = {2012}
}

@article{wedemeier_anomalous_09,
  title = {Anomalous Diffusion in the Presence of Mobile Obstacles},
  volume = {88},
  doi = {10.1209/0295-5075/88/38004},
  number = {3},
  journal = {EPL},
  author = {Wedemeier, A. and Merlitz, H. and Langowski, J.},
  month = nov,
  year = {2009},
  pages = {38004},
  annote = {*** Looks closely related}
}

@article{malijevsky_sedimentation_13,
  title = {Sedimentation of a Two-Dimensional Colloidal Mixture Exhibiting Liquid-Liquid and Gas-Liquid Phase Separation: {{A}} Dynamical Density Functional Theory Study},
  volume = {139},
  shorttitle = {Sedimentation of a Two-Dimensional Colloidal Mixture Exhibiting Liquid-Liquid and Gas-Liquid Phase Separation},
  doi = {10.1063/1.4823768},
  number = {14},
  journal = {J. Chem. Phys.},
  author = {Malijevsk{\'y}, A. and Archer, A. J.},
  month = oct,
  year = {2013},
  pages = {144901}
}

@article{lang_fluid_00,
  title = {Fluid and Solid Phases of the {{Gaussian}} Core Model},
  volume = {12},
  doi = {10.1088/0953-8984/12/24/302},
  number = {24},
  journal = {J. Phys. Condens. Matter},
  author = {Lang, A. and Likos, C. N. and Watzlawek, M. and L{\"o}wen, H.},
  year = {2000},
  pages = {5087}
}

@article{frenkel_evidence_85,
  title = {Evidence for Algebraic Orientational Order in a Two-Dimensional Hard-Core Nematic},
  volume = {31},
  doi = {10.1103/PhysRevA.31.1776},
  number = {3},
  journal = {Phys. Rev. A},
  author = {Frenkel, D. and Eppenga, R.},
  month = mar,
  year = {1985},
  pages = {1776-1787}
}

@article{saxton_anomalous_94,
  title = {Anomalous Diffusion Due to Obstacles: A {{Monte Carlo}} Study},
  volume = {66},
  shorttitle = {Anomalous Diffusion Due to Obstacles},
  doi = {10.1016/S0006-3495(94)80789-1},
  number = {2},
  journal = {Biophys. J.},
  author = {Saxton, M. J.},
  month = feb,
  year = {1994},
  pages = {394-401},
  pmid = {8161693}
}

@article{bates_phase_00,
  title = {Phase Behavior of Two-Dimensional Hard Rod Fluids},
  volume = {112},
  doi = {10.1063/1.481637},
  number = {22},
  journal = {J. Chem. Phys.},
  author = {Bates, M. A. and Frenkel, D.},
  month = jun,
  year = {2000},
  pages = {10034-10041}
}

@book{zwanzig_nonequilibrium_01,
  address = {Oxford ; New York},
  title = {Nonequilibrium Statistical Mechanics},
  isbn = {978-0-19-514018-7},
  lccn = {QC174.86.N65 Z93 2001},
  publisher = {{Oxford University Press}},
  author = {Zwanzig, R.},
  year = {2001},
  annote = {Includes bibliographical references (p. 211) and index

Includes bibliographical references (p. 211) and index}
}

@article{tao_brownian_05,
  title = {Brownian Dynamics Simulations of the Self- and Collective Rotational Diffusion Coefficients of Rigid Long Thin Rods},
  volume = {122},
  doi = {10.1063/1.1940031},
  number = {24},
  journal = {J. Chem. Phys.},
  author = {Tao, Y.-G. and {den Otter}, W. K. and Padding, J. T. and Dhont, J. K. G. and Briels, W. J.},
  month = jun,
  year = {2005},
  pages = {244903}
}

@article{ellery_calculating_15,
  title = {Calculating the {{Fickian}} Diffusivity for a Lattice-Based Random Walk with Agents and Obstacles of Different Shapes and Sizes},
  volume = {12},
  doi = {10.1088/1478-3975/12/6/066010},
  number = {6},
  journal = {Phys. Biol.},
  author = {Ellery, A. J. and Baker, R. E. and Simpson, M. J.},
  year = {2015},
  pages = {066010}
}

@article{cisneros_dynamics_11,
  title = {Dynamics of Swimming Bacteria: {{Transition}} to Directional Order at High Concentration},
  volume = {83},
  shorttitle = {Dynamics of Swimming Bacteria},
  doi = {10.1103/PhysRevE.83.061907},
  number = {6},
  journal = {Phys. Rev. E},
  author = {Cisneros, L. H. and Kessler, J. O. and Ganguly, S. and Goldstein, R. E.},
  month = jun,
  year = {2011},
  pages = {061907}
}

@article{wedemeier_role_08,
  title = {The Role of Chromatin Conformations in Diffusional Transport of Chromatin-Binding Proteins: {{Cartesian}} Lattice Simulations},
  volume = {128},
  shorttitle = {The Role of Chromatin Conformations in Diffusional Transport of Chromatin-Binding Proteins},
  doi = {10.1063/1.2895048},
  number = {15},
  journal = {J. Chem. Phys.},
  author = {Wedemeier, A. and Zhang, T. and Merlitz, H. and Wu, C.-X. and Langowski, J},
  month = apr,
  year = {2008},
  pages = {155101}
}

@article{archer_softcore_15,
  title = {Soft-Core Particles Freezing to Form a Quasicrystal and a Crystal-Liquid Phase},
  volume = {92},
  doi = {10.1103/PhysRevE.92.012324},
  number = {1},
  journal = {Phys. Rev. E},
  author = {Archer, A. J. and Rucklidge, A. M. and Knobloch, E.},
  month = jul,
  year = {2015}
}

@article{archer_interplay_11,
  title = {On the Interplay between Sedimentation and Phase Separation Phenomena in Two-Dimensional Colloidal Fluids},
  volume = {109},
  doi = {10.1080/00268976.2010.544267},
  number = {7-10},
  journal = {Mol. Phys.},
  author = {Archer, A. J. and Malijevsk{\'y}, A.},
  month = mar,
  year = {2011},
  pages = {1087-1099}
}

@article{archer_quasicrystalline_13,
  title = {Quasicrystalline {{Order}} and a {{Crystal}}-{{Liquid State}} in a {{Soft}}-{{Core Fluid}}},
  volume = {111},
  doi = {10.1103/PhysRevLett.111.165501},
  number = {16},
  journal = {Phys. Rev. Lett.},
  author = {Archer, A. J. and Rucklidge, A. M. and Knobloch, E.},
  month = oct,
  year = {2013}
}

@article{marchetti_hydrodynamics_13,
  title = {Hydrodynamics of Soft Active Matter},
  volume = {85},
  doi = {10.1103/RevModPhys.85.1143},
  number = {3},
  journal = {Rev. Mod. Phys.},
  author = {Marchetti, M. C. and Joanny, J. F. and Ramaswamy, S. and Liverpool, T. B. and Prost, J. and Rao, Madan and Simha, R. Aditi},
  month = jul,
  year = {2013},
  pages = {1143-1189}
}

@article{marconi_dynamic_00,
  title = {Dynamic Density Functional Theory of Fluids},
  volume = {12},
  doi = {10.1088/0953-8984/12/8A/356},
  number = {8A},
  journal = {J. Phys. Condens. Matter},
  author = {Marconi, U. M. B. and Tarazona, P.},
  year = {2000},
  pages = {A413}
}

@article{tao_isotropicnematic_06,
  title = {Isotropic-Nematic Spinodals of Rigid Long Thin Rodlike Colloids by Event-Driven {{Brownian}} Dynamics Simulations},
  volume = {124},
  doi = {10.1063/1.2180251},
  number = {13},
  journal = {J. Chem. Phys.},
  author = {Tao, T.-G. and {den Otter}, W. K. and Dhont, J. K. G. and Briels, W. J.},
  month = apr,
  year = {2006},
  pages = {134906}
}

@article{toner_flocks_98,
  title = {Flocks, Herds, and Schools: {{A}} Quantitative Theory of Flocking},
  volume = {58},
  shorttitle = {Flocks, Herds, and Schools},
  doi = {10.1103/PhysRevE.58.4828},
  number = {4},
  journal = {Phys. Rev. E},
  author = {Toner, J. and Tu, Y.},
  month = oct,
  year = {1998},
  pages = {4828-4858}
}

@article{narayan_longlived_07,
  title = {Long-{{Lived Giant Number Fluctuations}} in a {{Swarming Granular Nematic}}},
  volume = {317},
  copyright = {American Association for the Advancement of Science},
  doi = {10.1126/science.1140414},
  number = {5834},
  journal = {Science},
  author = {Narayan, V. and Ramaswamy, S. and Menon, N.},
  month = jul,
  year = {2007},
  pages = {105-108},
  pmid = {17615353}
}

@article{kuan_hysteresis_15,
  title = {Hysteresis, Reentrance, and Glassy Dynamics in Systems of Self-Propelled Rods},
  volume = {92},
  doi = {10.1103/PhysRevE.92.060501},
  number = {6},
  journal = {Phys. Rev. E},
  author = {Kuan, H.-S. and Blackwell, R. and Hough, L. E. and Glaser, M. A. and Betterton, M. D.},
  month = dec,
  year = {2015}
}

@article{vicsek_novel_95,
  title = {Novel {{Type}} of {{Phase Transition}} in a {{System}} of {{Self}}-{{Driven Particles}}},
  volume = {75},
  doi = {10.1103/PhysRevLett.75.1226},
  number = {6},
  journal = {Phys. Rev. Lett.},
  author = {Vicsek, T. and Czir{\'o}k, A. and Ben-Jacob, E. and Cohen, I. and Shochet, O.},
  month = aug,
  year = {1995},
  pages = {1226-1229}
}

@article{mishra_fluctuations_10,
  title = {Fluctuations and Pattern Formation in Self-Propelled Particles},
  volume = {81},
  doi = {10.1103/PhysRevE.81.061916},
  number = {6},
  journal = {Phys. Rev. E},
  author = {Mishra, S. and Baskaran, A. and Marchetti, M. C.},
  month = jun,
  year = {2010}
}

@article{wedemeier_how_09,
  title = {How Proteins Squeeze through Polymer Networks: {{A Cartesian}} Lattice Study},
  volume = {131},
  shorttitle = {How Proteins Squeeze through Polymer Networks},
  doi = {10.1063/1.3205100},
  number = {6},
  journal = {J. Chem. Phys.},
  author = {Wedemeier, A. and Merlitz, H. and Wu, C.-X. and Langowski, J.},
  month = aug,
  year = {2009},
  pages = {064905}
}

@article{zhang_collective_10,
  title = {Collective Motion and Density Fluctuations in Bacterial Colonies},
  volume = {107},
  number = {31},
  journal = {Proc. Natl. Acad. Sci. U.S.A.},
  author = {Zhang, H.-P. and Be'er, A. and Florin, E.-L. and Swinney, H. L.},
  year = {2010},
  pages = {13626--13630}
}

@article{sidje_expokit_98,
  title = {Expokit: A Software Package for Computing Matrix Exponentials},
  volume = {24},
  shorttitle = {Expokit},
  number = {1},
  journal = {ACM Trans. Math. Softw. TOMS},
  author = {Sidje, R. B.},
  year = {1998},
  pages = {130--156}
}

@article{baskaran_hydrodynamics_08,
  title = {Hydrodynamics of Self-Propelled Hard Rods},
  volume = {77},
  doi = {10.1103/PhysRevE.77.011920},
  number = {1},
  journal = {Phys. Rev. E},
  author = {Baskaran, A. and Marchetti, M. C.},
  month = jan,
  year = {2008}
}

@article{baskaran_enhanced_08,
  title = {Enhanced {{Diffusion}} and {{Ordering}} of {{Self}}-{{Propelled Rods}}},
  volume = {101},
  doi = {10.1103/PhysRevLett.101.268101},
  number = {26},
  journal = {Phys. Rev. Lett.},
  author = {Baskaran, A. and Marchetti, M. C.},
  month = dec,
  year = {2008}
}

@book{hansen_theory_06,
  address = {London ; Burlington, MA},
  edition = {3rd ed},
  title = {Theory of Simple Liquids},
  isbn = {978-0-12-370535-8},
  lccn = {QC145.2 .H36 2006},
  publisher = {{Elsevier Academic Press}},
  author = {Hansen, J. P. and McDonald, I. R.},
  year = {2006}
}

@article{saxton_anomalous_96,
  title = {Anomalous Diffusion Due to Binding: A {{Monte Carlo}} Study},
  volume = {70},
  shorttitle = {Anomalous Diffusion Due to Binding},
  doi = {10.1016/S0006-3495(96)79682-0},
  number = {3},
  journal = {Biophys. J.},
  author = {Saxton, M. J.},
  month = mar,
  year = {1996},
  pages = {1250-1262},
  pmid = {8785281}
}

@article{baskaran_selfregulation_12,
  title = {Self-Regulation in Self-Propelled Nematic Fluids},
  volume = {35},
  doi = {10.1140/epje/i2012-12095-8},
  number = {9},
  journal = {Euro. Phys. J. E},
  author = {Baskaran, A. and Marchetti, M. C.},
  month = sep,
  year = {2012}
}

@article{wedemeier_modeling_07,
  title = {Modeling Diffusional Transport in the Interphase Cell Nucleus},
  volume = {127},
  doi = {10.1063/1.2753158},
  number = {4},
  journal = {J. Chem. Phys.},
  author = {Wedemeier, A. and Merlitz, H. and Wu, C.-X. and Langowski, J.},
  month = jul,
  year = {2007},
  pages = {045102}
}

@article{bertin_hydrodynamic_09,
  title = {Hydrodynamic Equations for Self-Propelled Particles: Microscopic Derivation and Stability Analysis},
  volume = {42},
  shorttitle = {Hydrodynamic Equations for Self-Propelled Particles},
  doi = {10.1088/1751-8113/42/44/445001},
  number = {44},
  journal = {J. Phys. A},
  author = {Bertin, E. and Droz, M. and Gr{\'e}goire, G.},
  year = {2009},
  pages = {445001}
}

@article{thutupalli_directional_15,
  title = {Directional Reversals Enable {{Myxococcus}} Xanthus Cells to Produce Collective One-Dimensional Streams during Fruiting-Body Formation},
  volume = {12},
  copyright = {\textcopyright{} 2015 The Author(s). Published by the Royal Society. All rights reserved.},
  doi = {10.1098/rsif.2015.0049},
  number = {109},
  journal = {J. Royal Soc. Interface},
  author = {Thutupalli, S. and Sun, M. and Bunyak, F. and Palaniappan, K. and Shaevitz, J. W.},
  month = aug,
  year = {2015},
  pages = {20150049},
  pmid = {26246416}
}

@article{helfand_theory_61,
  title = {Theory of the {{Two}}- and {{One}}-{{Dimensional Rigid Sphere Fluids}}},
  volume = {34},
  doi = {10.1063/1.1731629},
  number = {3},
  journal = {J. Chem. Phys.},
  author = {Helfand, E. and Frisch, H. L. and Lebowitz, J. L.},
  month = mar,
  year = {1961},
  pages = {1037-1042}
}

@article{rappel_selforganized_99,
  title = {Self-Organized {{Vortex State}} in {{Two}}-{{Dimensional Dictyostelium Dynamics}}},
  volume = {83},
  doi = {10.1103/PhysRevLett.83.1247},
  number = {6},
  journal = {Phys. Rev. Lett.},
  author = {Rappel, W.-J. and Nicol, A. and Sarkissian, A. and Levine, H. and Loomis, W. F.},
  month = aug,
  year = {1999},
  pages = {1247-1250}
}

@article{palacci_living_13,
  title = {Living {{Crystals}} of {{Light}}-{{Activated Colloidal Surfers}}},
  volume = {339},
  copyright = {Copyright \textcopyright{} 2013, American Association for the Advancement of Science},
  doi = {10.1126/science.1230020},
  number = {6122},
  journal = {Science},
  author = {Palacci, J. and Sacanna, S. and Steinberg, A. P. and Pine, D. J. and Chaikin, P. M.},
  month = feb,
  year = {2013},
  pages = {936-940},
  pmid = {23371555}
}

@article{buttinoni_dynamical_13,
  title = {Dynamical {{Clustering}} and {{Phase Separation}} in {{Suspensions}} of {{Self}}-{{Propelled Colloidal Particles}}},
  volume = {110},
  doi = {10.1103/PhysRevLett.110.238301},
  number = {23},
  journal = {Phys. Rev. Lett.},
  author = {Buttinoni, I. and Bialk{\'e}, J. and K{\"u}mmel, F. and L{\"o}wen, H. and Bechinger, C. and Speck, T.},
  month = jun,
  year = {2013},
  pages = {238301}
}

@article{chakrabarti_dynamical_03,
  title = {Dynamical Instability in Driven Colloids},
  volume = {61},
  number = {3},
  journal = {EPL},
  author = {Chakrabarti, J. and Dzubiella, J. and L{\"o}wen, H.},
  year = {2003},
  pages = {415}
}

@article{nandigrami_gradientdriven_17,
  title = {Gradient-Driven Diffusion and Pattern Formation in Crowded Mixtures},
  volume = {95},
  doi = {10.1103/PhysRevE.95.022107},
  number = {2},
  journal = {Phys. Rev. E},
  author = {Nandigrami, P. and Grove, B. and Konya, A. and Selinger, R. L. B.},
  month = feb,
  year = {2017},
  pages = {022107}
}

@article{archer_dynamical_05,
  title = {Dynamical Density Functional Theory: Binary Phase-Separating Colloidal Fluid in a Cavity},
  volume = {17},
  shorttitle = {Dynamical Density Functional Theory},
  doi = {10.1088/0953-8984/17/10/001},
  number = {10},
  journal = {J. Phys. Condens. Matter},
  author = {Archer, A. J.},
  month = mar,
  year = {2005},
  pages = {1405-1427}
}

@article{wensink_aggregation_08,
  title = {Aggregation of Self-Propelled Colloidal Rods near Confining Walls},
  volume = {78},
  doi = {10.1103/PhysRevE.78.031409},
  number = {3},
  journal = {Phys. Rev. E},
  author = {Wensink, H. H. and L{\"o}wen, H.},
  month = sep,
  year = {2008}
}

@article{ellery_communication_16,
  title = {Communication: {{Distinguishing}} between Short-Time Non-{{Fickian}} Diffusion and Long-Time {{Fickian}} Diffusion for a Random Walk on a Crowded Lattice},
  volume = {144},
  shorttitle = {Communication},
  doi = {10.1063/1.4948782},
  number = {17},
  journal = {J. Chem. Phys.},
  author = {Ellery, A. J. and Baker, R. E. and Simpson, M. J.},
  month = may,
  year = {2016},
  pages = {171104}
}

@article{rosenfeld_freeenergy_90,
  title = {Free-Energy Model for the Inhomogeneous Hard-Sphere Fluid in {{D}} Dimensions: {{Structure}} Factors for the Hard-Disk ({{D}}=2) Mixtures in Simple Explicit Form},
  volume = {42},
  shorttitle = {Free-Energy Model for the Inhomogeneous Hard-Sphere Fluid in {{D}} Dimensions},
  doi = {10.1103/PhysRevA.42.5978},
  number = {10},
  journal = {Phys. Rev. A},
  author = {Rosenfeld, Y.},
  month = nov,
  year = {1990},
  pages = {5978-5989}
}

@article{ellery_analytical_16,
  title = {An Analytical Method for Disentangling the Roles of Adhesion and Crowding for Random Walk Models on a Crowded Lattice},
  volume = {13},
  doi = {10.1088/1478-3975/13/5/05LT02},
  number = {5},
  journal = {Phys. Biol.},
  author = {Ellery, A. J. and Baker, R. E. and Simpson, M. J.},
  year = {2016},
  pages = {05LT02}
}

@article{saxton_lateral_87,
  title = {Lateral Diffusion in an Archipelago. {{The}} Effect of Mobile Obstacles},
  volume = {52},
  doi = {10.1016/S0006-3495(87)83291-5},
  number = {6},
  journal = {Biophys. J.},
  author = {Saxton, M. J.},
  month = dec,
  year = {1987},
  pages = {989-997}
}

@article{weiss_anomalous_04,
  title = {Anomalous {{Subdiffusion Is}} a {{Measure}} for {{Cytoplasmic Crowding}} in {{Living Cells}}},
  volume = {87},
  doi = {10.1529/biophysj.104.044263},
  number = {5},
  journal = {Biophys. J.},
  author = {Weiss, M. and Elsner, M. and Kartberg, F. and Nilsson, T.},
  month = nov,
  year = {2004},
  pages = {3518-3524}
}

@article{ellery_characterizing_14,
  title = {Characterizing Transport through a Crowded Environment with Different Obstacle Sizes},
  volume = {140},
  doi = {10.1063/1.4864000},
  number = {5},
  journal = {J. Chem. Phys.},
  author = {Ellery, A. J. and Simpson, M. J. and McCue, S. W. and Baker, R. E.},
  month = feb,
  year = {2014},
  pages = {054108}
}

@article{saxton_singleparticle_97,
  title = {Single-Particle Tracking: The Distribution of Diffusion Coefficients},
  volume = {72},
  shorttitle = {Single-Particle Tracking},
  doi = {10.1016/S0006-3495(97)78820-9},
  number = {4},
  journal = {Biophys. J.},
  author = {Saxton, M. J.},
  month = apr,
  year = {1997},
  pages = {1744-1753}
}

@article{nicolau_sources_07,
  title = {Sources of {{Anomalous Diffusion}} on {{Cell Membranes}}: {{A Monte Carlo Study}}},
  volume = {92},
  shorttitle = {Sources of {{Anomalous Diffusion}} on {{Cell Membranes}}},
  doi = {10.1529/biophysj.105.076869},
  number = {6},
  journal = {Biophys. J.},
  author = {Nicolau, D. V. and Hancock, J. F. and Burrage, K.},
  month = mar,
  year = {2007},
  pages = {1975-1987},
  annote = {Looks at picket fence and lipid rafts MC. There is a different diffusion coefficient for the lipid raft. There is a binding and unbinding probability. Theoterical alpha \textasciitilde{}0.7 for no-binding. Large effects on diffusion if rafts complete exclude.}
}

@article{berry_monte_02,
  title = {Monte Carlo Simulations of Enzyme Reactions in Two Dimensions: Fractal Kinetics and Spatial Segregation.},
  volume = {83},
  shorttitle = {Monte Carlo Simulations of Enzyme Reactions in Two Dimensions},
  number = {4},
  journal = {Biophys. J.},
  author = {Berry, H.},
  month = oct,
  year = {2002},
  pages = {1891-1901},
  pmid = {12324410},
  pmcid = {PMC1302281}
}

@article{silvius_partitioning_05,
  title = {Partitioning of Membrane Molecules between Raft and Non-Raft Domains: {{Insights}} from Model-Membrane Studies},
  volume = {1746},
  shorttitle = {Partitioning of Membrane Molecules between Raft and Non-Raft Domains},
  doi = {10.1016/j.bbamcr.2005.09.003},
  number = {3},
  journal = {Biochim. Biophys. Acta BBA - Mol. Cell Res.},
  author = {Silvius, J. R.},
  month = dec,
  year = {2005},
  pages = {193-202}
}

@article{schutz_properties_00,
  title = {Properties of Lipid Microdomains in a Muscle Cell Membrane Visualized by Single Molecule Microscopy},
  volume = {19},
  doi = {10.1093/emboj/19.5.892},
  number = {5},
  journal = {EMBO J.},
  author = {Sch{\"u}tz, G. J. and Kada, G. and Pastushenko, V. P. and Schindler, H.},
  month = mar,
  year = {2000},
  pages = {892-901},
  pmid = {10698931},
  pmcid = {PMC305629}
}

@article{schutz_singlemolecule_97,
  title = {Single-Molecule Microscopy on Model Membranes Reveals Anomalous Diffusion.},
  volume = {73},
  number = {2},
  journal = {Biophys. J.},
  author = {Sch{\"u}tz, G. J. and Schindler, H. and Schmidt, T.},
  month = aug,
  year = {1997},
  pages = {1073-1080},
  pmid = {9251823},
  pmcid = {PMC1181003}
}

@article{metropolis_equation_53,
  title = {Equation of {{State Calculations}} by {{Fast Computing Machines}}},
  volume = {21},
  doi = {10.1063/1.1699114},
  number = {6},
  journal = {J. Chem. Phys.},
  author = {Metropolis, N. and Rosenbluth, A. W. and Rosenbluth, M. N. and Teller, A. H. and Teller, E.},
  month = jun,
  year = {1953},
  pages = {1087-1092}
}

@article{hofling_anomalous_13,
  title = {Anomalous Transport in the Crowded World of Biological Cells},
  volume = {76},
  doi = {10.1088/0034-4885/76/4/046602},
  number = {4},
  journal = {Rep. Prog. Phys.},
  author = {H{\"o}fling, F. and Franosch, T.},
  year = {2013},
  pages = {046602}
}

@article{magdziarz_fractional_09,
  title = {Fractional {{Brownian Motion Versus}} the {{Continuous}}-{{Time Random Walk}}: {{A Simple Test}} for {{Subdiffusive Dynamics}}},
  volume = {103},
  shorttitle = {Fractional {{Brownian Motion Versus}} the {{Continuous}}-{{Time Random Walk}}},
  doi = {10.1103/PhysRevLett.103.180602},
  number = {18},
  journal = {Phys. Rev. Lett.},
  author = {Magdziarz, M. and Weron, A. and Burnecki, K. and Klafter, J.},
  month = oct,
  year = {2009},
  pages = {180602}
}

@article{sokolov_fractional_02,
  title = {Fractional {{Kinetics}}},
  volume = {55},
  doi = {10.1063/1.1535007},
  number = {11},
  journal = {Phys. Today},
  author = {Sokolov, I. M. and Klafter, J. and Blumen, A.},
  month = nov,
  year = {2002},
  pages = {48-54}
}

@article{jeon_protein_16,
  title = {Protein {{Crowding}} in {{Lipid Bilayers Gives Rise}} to {{Non}}-{{Gaussian Anomalous Lateral Diffusion}} of {{Phospholipids}} and {{Proteins}}},
  volume = {6},
  doi = {10.1103/PhysRevX.6.021006},
  number = {2},
  journal = {Phys. Rev. X},
  author = {Jeon, J.-H. and Javanainen, M. and Martinez-Seara, H. and Metzler, R. and Vattulainen, I.},
  month = apr,
  year = {2016}
}

@article{javanainen_anomalous_13,
  title = {Anomalous and Normal Diffusion of Proteins and Lipids in Crowded Lipid Membranes},
  volume = {161},
  doi = {10.1039/C2FD20085F},
  number = {0},
  journal = {Faraday Discuss.},
  author = {Javanainen, M. and Hammaren, H. and Monticelli, L. and Jeon, J.-H. and Miettinen, M. S. and Martinez-Seara, H. and Metzler, R. and Vattulainen, Ilpo},
  year = {2013},
  pages = {397-417}
}

@article{schulz_aging_14,
  title = {Aging {{Renewal Theory}} and {{Application}} to {{Random Walks}}},
  volume = {4},
  doi = {10.1103/PhysRevX.4.011028},
  number = {1},
  journal = {Phys. Rev. X},
  author = {Schulz, J. H. P. and Barkai, E. and Metzler, R.},
  month = feb,
  year = {2014},
  pages = {011028}
}

@article{reguera_role_04,
  title = {The Role of Fluctuations in Both Density Functional and Field Theory of Nanosystems},
  volume = {120},
  doi = {10.1063/1.1638737},
  number = {6},
  journal = {J. Chem. Phys.},
  author = {Reguera, D. and Reiss, H.},
  month = feb,
  year = {2004},
  pages = {2558-2564}
}

@article{dzubiella_meanfield_03,
  title = {Mean-Field Dynamical Density Functional Theory},
  volume = {15},
  doi = {10.1088/0953-8984/15/6/102},
  number = {6},
  journal = {J. Phys. Condens. Matter},
  author = {Dzubiella, J. and Likos, C. N.},
  year = {2003},
  pages = {L147}
}

@article{liverpool_instabilities_03,
  title = {Instabilities of {{Isotropic Solutions}} of {{Active Polar Filaments}}},
  volume = {90},
  doi = {10.1103/PhysRevLett.90.138102},
  number = {13},
  journal = {Phys. Rev. Lett.},
  author = {Liverpool, T. B. and Marchetti, M. C.},
  month = apr,
  year = {2003},
  pages = {138102}
}

@book{doi_theory_88,
  title = {The {{Theory}} of {{Polymer Dynamics}}},
  isbn = {978-0-19-852033-7},
  publisher = {{Clarendon Press}},
  author = {Doi, M. and Edwards, S. F.},
  year = {1988}
}

@article{putzig_phase_14,
  title = {Phase Separation and Emergent Structures in an Active Nematic Fluid},
  volume = {90},
  doi = {10.1103/PhysRevE.90.042304},
  number = {4},
  journal = {Phys. Rev. E},
  author = {Putzig, E. and Baskaran, A.},
  month = oct,
  year = {2014},
  pages = {042304}
}

@article{peruani_nonequilibrium_06,
  title = {Nonequilibrium Clustering of Self-Propelled Rods},
  volume = {74},
  doi = {10.1103/PhysRevE.74.030904},
  number = {3},
  journal = {Phys. Rev. E},
  author = {Peruani, F. and Deutsch, A. and B{\"a}r, M.},
  month = sep,
  year = {2006},
  pages = {030904},
  annote = {Activity allows alignment at lower densities}
}

@article{schmidt_power_13,
  title = {Power Functional Theory for {{Brownian}} Dynamics},
  volume = {138},
  doi = {10.1063/1.4807586},
  number = {21},
  journal = {J. Chem. Phys.},
  author = {Schmidt, M. and Brader, J. M.},
  month = jun,
  year = {2013},
  pages = {214101}
}

@article{chate_simple_06,
  title = {Simple {{Model}} for {{Active Nematics}}: {{Quasi}}-{{Long}}-{{Range Order}} and {{Giant Fluctuations}}},
  volume = {96},
  shorttitle = {Simple {{Model}} for {{Active Nematics}}},
  doi = {10.1103/PhysRevLett.96.180602},
  number = {18},
  journal = {Phys. Rev. Lett.},
  author = {Chat{\'e}, H. and Ginelli, F. and Montagne, R.},
  month = may,
  year = {2006},
  pages = {180602}
}

@article{ginelli_largescale_10,
  title = {Large-{{Scale Collective Properties}} of {{Self}}-{{Propelled Rods}}},
  volume = {104},
  doi = {10.1103/PhysRevLett.104.184502},
  number = {18},
  journal = {Phys. Rev. Lett.},
  author = {Ginelli, F. and Peruani, F. and B{\"a}r, M. and Chat{\'e}, H.},
  month = may,
  year = {2010},
  pages = {184502}
}

@article{stefferson_effects_17,
  title = {Effects of Soft Interactions and Bound Mobility on Diffusion in Crowded Environments: A Model of Sticky and Slippery Obstacles},
  volume = {14},
  shorttitle = {Effects of Soft Interactions and Bound Mobility on Diffusion in Crowded Environments},
  doi = {10.1088/1478-3975/aa7869},
  number = {4},
  journal = {Phys. Biol.},
  author = {Stefferson, M. W. and Norris, S. L. and Vernerey, F. J. and Betterton, M. D. and Hough, L. E.},
  month = jun,
  year = {2017},
  pages = {045008}
}

@article{dean_langevin_96,
  title = {Langevin Equation for the Density of a System of Interacting {{Langevin}} Processes},
  volume = {29},
  doi = {10.1088/0305-4470/29/24/001},
  number = {24},
  journal = {J. Phys. A: Math. Gen.},
  author = {Dean, D. S.},
  year = {1996},
  pages = {L613}
}

@article{grassia_computer_95,
  title = {Computer Simulations of {{Brownian}} Motion of Complex Systems},
  volume = {282},
  doi = {10.1017/S0022112095000176},
  journal = {J. Fluid Mech},
  author = {Grassia, P. S. and Hinch, E. J. and Nitsche, L. C.},
  month = jan,
  year = {1995},
  pages = {373-403}
}

@article{toner_longrange_95,
  title = {Long-{{Range Order}} in a {{Two}}-{{Dimensional Dynamical XY Model}}: {{How Birds Fly Together}}},
  volume = {75},
  shorttitle = {Long-{{Range Order}} in a {{Two}}-{{Dimensional Dynamical}} \$$\backslash$mathrm\{\vphantom\}{{XY}}\vphantom\{\}\$ {{Model}}},
  doi = {10.1103/PhysRevLett.75.4326},
  number = {23},
  journal = {Phys. Rev. Lett.},
  author = {Toner, J. and Tu, Y.},
  month = dec,
  year = {1995},
  pages = {4326-4329}
}

@article{deseigne_collective_10,
  title = {Collective {{Motion}} of {{Vibrated Polar Disks}}},
  volume = {105},
  doi = {10.1103/PhysRevLett.105.098001},
  number = {9},
  journal = {Phys. Rev. Lett.},
  author = {Deseigne, J. and Dauchot, O. and Chat{\'e}, H.},
  month = aug,
  year = {2010},
  pages = {098001}
}

@article{wensink_emergent_12,
  title = {Emergent States in Dense Systems of Active Rods: From Swarming to Turbulence},
  volume = {24},
  shorttitle = {Emergent States in Dense Systems of Active Rods},
  doi = {10.1088/0953-8984/24/46/464130},
  number = {46},
  journal = {J. Phys. Condens. Matter},
  author = {Wensink, H. H. and L{\"o}wen, H.},
  year = {2012},
  pages = {464130}
}

@article{mccandlish_spontaneous_12,
  title = {Spontaneous Segregation of Self-Propelled Particles with Different Motilities},
  volume = {8},
  doi = {10.1039/C2SM06960A},
  number = {8},
  journal = {Soft Matter},
  author = {McCandlish, S. R. and Baskaran, A. and Hagan, M. F.},
  month = feb,
  year = {2012},
  pages = {2527-2534}
}

@article{chate_collective_08,
  title = {Collective Motion of Self-Propelled Particles Interacting without Cohesion},
  volume = {77},
  doi = {10.1103/PhysRevE.77.046113},
  number = {4},
  journal = {Phys. Rev. E},
  author = {Chat{\'e}, H. and Ginelli, F. and Gr{\'e}goire, G. and Raynaud, F.},
  month = apr,
  year = {2008},
  pages = {046113}
}

@article{gregoire_onset_04,
  title = {Onset of {{Collective}} and {{Cohesive Motion}}},
  volume = {92},
  doi = {10.1103/PhysRevLett.92.025702},
  number = {2},
  journal = {Phys. Rev. Lett.},
  author = {Gr{\'e}goire, G. and Chat{\'e}, H.},
  month = jan,
  year = {2004},
  pages = {025702}
}

@article{baskaran_nonequilibrium_10,
  title = {Nonequilibrium Statistical Mechanics of Self-Propelled Hard Rods},
  volume = {2010},
  doi = {10.1088/1742-5468/2010/04/P04019},
  number = {04},
  journal = {J. Stat. Mech. Theory Exp},
  author = {Baskaran, A. and Marchetti, M. C.},
  year = {2010},
  pages = {P04019}
}

@article{peshkov_nonlinear_12,
  title = {Nonlinear {{Field Equations}} for {{Aligning Self}}-{{Propelled Rods}}},
  volume = {109},
  doi = {10.1103/PhysRevLett.109.268701},
  number = {26},
  journal = {Phys. Rev. Lett.},
  author = {Peshkov, A. and Aranson, I. S. and Bertin, E. and Chat{\'e}, H. and Ginelli, F.},
  month = dec,
  year = {2012},
  pages = {268701}
}

@article{lowen_brownian_94,
  title = {Brownian Dynamics of Hard Spherocylinders},
  volume = {50},
  doi = {10.1103/PhysRevE.50.1232},
  number = {2},
  journal = {Phys. Rev. E},
  author = {L{\"o}wen, H.},
  month = aug,
  year = {1994},
  pages = {1232-1242}
}

@article{weeks_role_71,
  title = {Role of {{Repulsive Forces}} in {{Determining}} the {{Equilibrium Structure}} of {{Simple Liquids}}},
  volume = {54},
  doi = {10.1063/1.1674820},
  number = {12},
  journal = {J. Chem. Phys.},
  author = {Weeks, J. D. and Chandler, D. and Andersen, H. C.},
  month = jun,
  year = {1971},
  pages = {5237-5247}
}

@article{timney_simple_06,
  title = {Simple Kinetic Relationships and Nonspecific Competition Govern Nuclear Import Rates in Vivo},
  volume = {175},
  doi = {10.1083/jcb.200608141},
  number = {4},
  journal = {J. Cell Biol.},
  author = {Timney, B. L. and Tetenbaum-Novatt, J. and Agate, D. S. and Williams, R. and Zhang, W. and Chait, B. T. and Rout, M. P.},
  month = nov,
  year = {2006},
  pages = {579-593}
}

@article{schmidt_nup98_15,
  title = {Nup98 {{FG}} Domains from Diverse Species Spontaneously Phase-Separate into Particles with Nuclear Pore-like Permselectivity},
  volume = {4},
  copyright = {\textcopyright{} 2015 Schmidt and G{\"o}rlich. This article is distributed under the terms of the Creative Commons Attribution License, which permits unrestricted use and redistribution provided that the original author and source are credited.},
  doi = {10.7554/eLife.04251},
  journal = {eLife},
  author = {Schmidt, H. B. and G{\"o}rlich, D.},
  month = jan,
  year = {2015},
  pages = {e04251}
}

@article{mastorakos_highly_15,
  title = {Highly Compacted Biodegradable {{DNA}} Nanoparticles Capable of Overcoming the Mucus Barrier for Inhaled Lung Gene Therapy},
  volume = {112},
  doi = {10.1073/pnas.1502281112},
  number = {28},
  journal = {Proc. Natl. Acad. Sci. U.S.A.},
  author = {Mastorakos, P. and {da Silva}, A. L. and Chisholm, J. and Song, E. and Choi, Won Kyu and Boyle, M. P. and Morales, M. M. and Hanes, J. and Suk, J. S.},
  month = jul,
  year = {2015},
  pages = {8720-8725},
  pmid = {26124127},
  annote = {Measures MSD

Measures MSD}
}

@article{huang_protein_17,
  title = {Protein Nanocages That Penetrate Airway Mucus and Tumor Tissue},
  volume = {114},
  doi = {10.1073/pnas.1705407114},
  number = {32},
  journal = {Proc. Natl. Acad. Sci. U.S.A.},
  author = {Huang, X. and Chisholm, J. and Zhuang, J. and Xiao, Y. and Duncan, G. and Chen, X. and Suk, J. S. and Hanes, J.},
  month = aug,
  year = {2017},
  pages = {E6595-E6602},
  annote = {Hard to tell how they are quantifying transport into lungs.

This one might be useful but I'm not sure.}
}

@article{lai_human_09,
  title = {Human {{Immunodeficiency Virus Type}} 1 {{Is Trapped}} by {{Acidic}} but {{Not}} by {{Neutralized Human Cervicovaginal Mucus}}},
  volume = {83},
  doi = {10.1128/JVI.01899-08},
  number = {21},
  journal = {J. Virol.},
  author = {Lai, S. K. and Hida, K. and Shukair, S. and Wang, Y.-Y. and Figueiredo, A. and Cone, R. and Hope, T. J. and Hanes, J.},
  month = nov,
  year = {2009},
  pages = {11196-11200},
  annote = {Could include something about this, though it's quite technical.

~

Could include something about this, though it's quite technical.

~}
}

@article{miao_stromal_15,
  title = {Stromal Barriers and Strategies for the Delivery of Nanomedicine to Desmoplastic Tumors},
  volume = {219},
  doi = {10.1016/j.jconrel.2015.08.017},
  journal = {J. Control. Release},
  author = {Miao, L. and Lin, C. M. and Huang, L.},
  month = dec,
  year = {2015},
  pages = {192-204}
}

@article{zhou_biological_13,
  title = {Biological Rationale for the Design of Polymeric Anti-Cancer Nanomedicines},
  volume = {21},
  doi = {10.3109/1061186X.2012.723213},
  number = {1},
  journal = {J. Drug Target},
  author = {Zhou, Y. and Kope{\v c}ek, J.},
  month = jan,
  year = {2013},
  pages = {1-26},
  annote = {Review; no useful data}
}

@article{juweid_micropharmacology_92,
  title = {Micropharmacology of {{Monoclonal Antibodies}} in {{Solid Tumors}}: {{Direct Experimental Evidence}} for a {{Binding Site Barrier}}},
  volume = {52},
  copyright = {\textcopyright{}1992 American Association for Cancer Research.},
  shorttitle = {Micropharmacology of {{Monoclonal Antibodies}} in {{Solid Tumors}}},
  number = {19},
  journal = {Cancer Res.},
  author = {Juweid, M. and Neumann, R. and Paik, C. and Perez-Bacete, M. J. and Sato, J. and {van Osdol}, W. and Weinstein, J. N.},
  month = oct,
  year = {1992},
  pages = {5144-5153},
  pmid = {1327501},
  annote = {Not sure how they're quantifying penetration into tissue.

This one might be useful.}
}

@article{dirienzo_probing_14,
  title = {Probing Short-Range Protein {{Brownian}} Motion in the Cytoplasm of Living Cells},
  volume = {5},
  copyright = {\textcopyright{} 2017 Macmillan Publishers Limited, part of Springer Nature. All rights reserved.},
  doi = {10.1038/ncomms6891},
  journal = {Nat. Commun.},
  author = {Di Rienzo, C. and Piazza, V. and Gratton, E. and Beltram, F. and Cardarelli, F.},
  month = dec,
  year = {2014},
  pages = {5891}
}

@article{timney_simple_16,
  title = {Simple Rules for Passive Diffusion through the Nuclear Pore Complex},
  volume = {215},
  copyright = {\textcopyright{} 2016 Timney et al.. This article is distributed under the terms of an Attribution\textendash{}Noncommercial\textendash{}Share Alike\textendash{}No Mirror Sites license for the first six months after the publication date (see http://www.rupress.org/terms). After six months it is available under a Creative Commons License (Attribution\textendash{}Noncommercial\textendash{}Share Alike 3.0 Unported license, as described at http://creativecommons.org/licenses/by-nc-sa/3.0/).},
  doi = {10.1083/jcb.201601004},
  number = {1},
  journal = {J. Cell Biol.},
  author = {Timney, B. L. and Raveh, B. and Mironska, R. and Trivedi, J. M. and Kim, S. J. and Russel, D. and Wente, S. R. and Sali, A. and Rout, M. P.},
  month = sep,
  year = {2016},
  pages = {57-76},
  pmid = {27697925}
}

@article{crowley_protein_11,
  title = {Protein {{Interactions}} in the {{Escherichia}} Coli {{Cytosol}}: {{An Impediment}} to {{In}}-{{Cell NMR Spectroscopy}}},
  volume = {12},
  doi = {10.1002/cbic.201100063},
  number = {7},
  journal = {Chembiochem},
  author = {Crowley, P. B. and Chow, E. and Papkovskaia, T.},
  year = {2011},
  pages = {1043-1048},
  annote = {The following values have no corresponding Zotero field:\\
Author Address: School of Chemistry, NUI Galway, University Road, Galway (Ireland), Fax: (+353)\,91-525-700. peter.crowley@nuigalway.ie.\\
L3 - papers2://publication/doi/10.1002/cbic.201100063}
}

@book{stauffer_introduction_94,
  title = {Introduction {{To Percolation Theory}}},
  publisher = {{Taylor \& Francis}},
  author = {Stauffer, D. and Aharony, A.},
  month = jul,
  year = {1994}
}

@article{metzler_random_00,
  title = {The Random Walk's Guide to Anomalous Diffusion: A Fractional Dynamics Approach},
  volume = {339},
  shorttitle = {The Random Walk's Guide to Anomalous Diffusion},
  doi = {10.1016/S0370-1573(00)00070-3},
  number = {1},
  journal = {Phys. Rep.},
  author = {Metzler, R. and Klafter, J.},
  month = dec,
  year = {2000},
  pages = {1-77}
}

@article{mercier_numerically_99,
  title = {Numerically Exact Diffusion Coefficients for Lattice Systems with Periodic Boundary Conditions. {{II}}. {{Numerical}} Approach and Applications},
  volume = {110},
  doi = {10.1063/1.478509},
  number = {12},
  journal = {J. Chem. Phys.},
  author = {Mercier, J.-F. and Slater, G. W.},
  month = mar,
  year = {1999},
  pages = {6057-6065}
}

@article{mercier_numerically_99a,
  title = {Numerically Exact Diffusion Coefficients for Lattice Systems with Periodic Boundary Conditions. {{I}}. {{Theory}}},
  volume = {110},
  doi = {10.1063/1.478508},
  number = {12},
  journal = {J. Chem. Phys.},
  author = {Mercier, J.-F. and Slater, G. W. and Guo, H. L.},
  month = mar,
  year = {1999},
  pages = {6050-6056}
}

@article{petropoulos_membrane_90,
  series = {Selected papers presented at the Third Ravello Symposium on Advanced Membrane Science and Technology},
  title = {Membrane Transport Properties in Relation to Microscopic and Macroscopic Structural Inhomogeneity},
  volume = {52},
  doi = {10.1016/S0376-7388(00)85134-0},
  number = {3},
  journal = {J. Membr. Sci.},
  author = {Petropoulos, J. H.},
  month = sep,
  year = {1990},
  pages = {305-323}
}

@article{bickel_nuclear_02,
  title = {The Nuclear Pore Complex Mystery and Anomalous Diffusion in Reversible Gels},
  volume = {83},
  number = {6},
  journal = {Biophys. J.},
  author = {Bickel, T. and Bruinsma, R.},
  year = {2002},
  pages = {3079--3087}
}

@article{mourao_connecting_14,
  title = {Connecting the {{Dots}}: {{The Effects}} of {{Macromolecular Crowding}} on {{Cell Physiology}}},
  volume = {107},
  shorttitle = {Connecting the {{Dots}}},
  doi = {10.1016/j.bpj.2014.10.051},
  number = {12},
  journal = {Biophys. J.},
  author = {Mour{\~a}o, M. A. and Hakim, J. B. and Schnell, S.},
  month = dec,
  year = {2014},
  pages = {2761-2766}
}

@article{ehrig_nearcritical_11,
  title = {Near-{{Critical Fluctuations}} and {{Cytoskeleton}}-{{Assisted Phase Separation Lead}} to {{Subdiffusion}} in {{Cell Membranes}}},
  volume = {100},
  doi = {10.1016/j.bpj.2010.11.002},
  number = {1},
  journal = {Biophys. J.},
  author = {Ehrig, J. and Petrov, E. P. and Schwille, P.},
  month = jan,
  year = {2011},
  pages = {80-89}
}

@article{ghosh_automated_94,
  title = {Automated Detection and Tracking of Individual and Clustered Cell Surface Low Density Lipoprotein Receptor Molecules},
  volume = {66},
  doi = {10.1016/S0006-3495(94)80939-7},
  number = {5},
  journal = {Biophys. J.},
  author = {Ghosh, R. N. and Webb, W. W.},
  month = may,
  year = {1994},
  pages = {1301-1318}
}

@article{banks_anomalous_05,
  title = {Anomalous {{Diffusion}} of {{Proteins Due}} to {{Molecular Crowding}}},
  volume = {89},
  doi = {10.1529/biophysj.104.051078},
  number = {5},
  journal = {Biophys. J.},
  author = {Banks, D. S. and Fradin, C.},
  month = nov,
  year = {2005},
  pages = {2960-2971}
}

@article{iyer_membranebound_16,
  title = {Membrane-{{Bound Alpha Synuclein Clusters Induce Impaired Lipid Diffusion}} and {{Increased Lipid Packing}}},
  volume = {111},
  doi = {10.1016/j.bpj.2016.10.016},
  number = {11},
  journal = {Biophys. J.},
  author = {Iyer, A. and Schilderink, N. and Claessens, M. M. A. E. and Subramaniam, V.},
  month = dec,
  year = {2016},
  pages = {2440-2449}
}

@article{stylianidou_cytoplasmic_14,
  title = {Cytoplasmic {{Dynamics Reveals Two Modes}} of {{Nucleoid}}-{{Dependent Mobility}}},
  volume = {107},
  doi = {10.1016/j.bpj.2014.10.030},
  number = {11},
  journal = {Biophys. J.},
  author = {Stylianidou, S. and Kuwada, N. J. and Wiggins, P. A.},
  month = dec,
  year = {2014},
  pages = {2684-2692}
}

@article{weigel_ergodic_11,
  title = {Ergodic and Nonergodic Processes Coexist in the Plasma Membrane as Observed by Single-Molecule Tracking},
  volume = {108},
  doi = {10.1073/pnas.1016325108},
  number = {16},
  journal = {Proc. Natl. Acad. Sci. U.S.A.},
  author = {Weigel, A. V. and Simon, B. and Tamkun, M. M. and Krapf, D.},
  month = apr,
  year = {2011},
  pages = {6438-6443},
  pmid = {21464280}
}

@article{sadegh_plasma_17,
  title = {Plasma {{Membrane}} Is {{Compartmentalized}} by a {{Self}}-{{Similar Cortical Actin Meshwork}}},
  volume = {7},
  doi = {10.1103/PhysRevX.7.011031},
  number = {1},
  journal = {Phys. Rev. X},
  author = {Sadegh, S. and Higgins, J. L. and Mannion, P. C. and Tamkun, M. M. and Krapf, D.},
  month = mar,
  year = {2017},
  pages = {011031}
}

@article{brangwynne_germline_09,
  title = {Germline {{P Granules Are Liquid Droplets That Localize}} by {{Controlled Dissolution}}/{{Condensation}}},
  volume = {324},
  copyright = {Copyright \textcopyright{} 2009, American Association for the Advancement of Science},
  doi = {10.1126/science.1172046},
  number = {5935},
  journal = {Science},
  author = {Brangwynne, C. P. and Eckmann, C. R. and Courson, D. S. and Rybarska, A. and Hoege, C. and Gharakhani, J. and J{\"u}licher, F. and Hyman, A. A.},
  month = jun,
  year = {2009},
  pages = {1729-1732},
  pmid = {19460965}
}

@article{hough_molecular_15,
  title = {The Molecular Mechanism of Nuclear Transport Revealed by Atomic-Scale Measurements},
  volume = {4},
  copyright = {\textcopyright{} 2015, Hough et al. This article is distributed under the terms of the Creative Commons Attribution License, which permits unrestricted use and redistribution provided that the original author and source are credited.},
  doi = {10.7554/eLife.10027},
  journal = {eLife},
  author = {Hough, L. E. and Dutta, K. and Sparks, S. and Temel, D. B. and Kamal, A. and Tetenbaum-Novatt, J. and Rout, M. P. and Cowburn, D.},
  month = sep,
  year = {2015},
  pages = {e10027},
  pmid = {26371551}
}

@article{molliex_phase_15,
  title = {Phase {{Separation}} by {{Low Complexity Domains Promotes Stress Granule Assembly}} and {{Drives Pathological Fibrillization}}},
  volume = {163},
  doi = {10.1016/j.cell.2015.09.015},
  number = {1},
  journal = {Cell},
  author = {Molliex, A. and Temirov, J. and Lee, J. and Coughlin, M. and Kanagaraj, Anderson P. and Kim, H. J. and Mittag, T. and Taylor, J. P.},
  month = sep,
  year = {2015},
  pages = {123-133}
}

@article{raveh_slideandexchange_16,
  title = {Slide-and-Exchange Mechanism for Rapid and Selective Transport through the Nuclear Pore Complex},
  volume = {113},
  doi = {10.1073/pnas.1522663113},
  number = {18},
  journal = {Proc. Natl. Acad. Sci. U.S.A.},
  author = {Raveh, B. and Karp, J. M. and Sparks, S. and Dutta, K. and Rout, M. P. and Sali, A. and Cowburn, D.},
  month = mar,
  year = {2016},
  pages = {E2489-E2497},
  pmid = {27091992}
}

@article{fujiwara_phospholipids_02,
  title = {Phospholipids Undergo Hop Diffusion in Compartmentalized Cell Membrane},
  volume = {157},
  copyright = {The Rockefeller University Press},
  doi = {10.1083/jcb.200202050},
  number = {6},
  journal = {J. Cell Biol.},
  author = {Fujiwara, T. and Ritchie, K. and Murakoshi, H. and Jacobson, K. and Kusumi, A.},
  month = jun,
  year = {2002},
  pages = {1071-1082},
  pmid = {12058021}
}

@article{veatch_organization_02,
  title = {Organization in {{Lipid Membranes Containing Cholesterol}}},
  volume = {89},
  doi = {10.1103/PhysRevLett.89.268101},
  number = {26},
  journal = {Phys. Rev. Lett.},
  author = {Veatch, S. L. and Keller, S. L.},
  month = dec,
  year = {2002},
  pages = {268101}
}

@article{feder_constrained_96,
  title = {Constrained Diffusion or Immobile Fraction on Cell Surfaces: A New Interpretation},
  volume = {70},
  shorttitle = {Constrained Diffusion or Immobile Fraction on Cell Surfaces},
  doi = {10.1016/S0006-3495(96)79846-6},
  number = {6},
  journal = {Biophys. J.},
  author = {Feder, T. J. and Brust-Mascher, I. and Slattery, J. P. and Baird, B. and Webb, W. W.},
  month = jun,
  year = {1996},
  pages = {2767-2773},
  pmid = {8744314},
  pmcid = {PMC1225256}
}

@article{dix_crowding_08,
  title = {Crowding {{Effects}} on {{Diffusion}} in {{Solutions}} and {{Cells}}},
  volume = {37},
  doi = {10.1146/annurev.biophys.37.032807.125824},
  number = {1},
  journal = {Annu. Rev. Biophys.},
  author = {Dix, J. A. and Verkman, A. S.},
  year = {2008},
  pages = {247-263},
  pmid = {18573081}
}

@article{zhdanov_kinetics_15,
  title = {Kinetics of Enzymatic Reactions in Lipid Membranes Containing Domains},
  volume = {12},
  doi = {10.1088/1478-3975/12/2/026003},
  number = {2},
  journal = {Phys. Biol.},
  author = {Zhdanov, V. P. and H{\"o}{\"o}k, F.},
  month = apr,
  year = {2015},
  pages = {026003}
}

@article{ghosh_nonuniversal_15,
  title = {Non-Universal Tracer Diffusion in Crowded Media of Non-Inert Obstacles},
  volume = {17},
  doi = {10.1039/C4CP03599B},
  number = {3},
  journal = {Phys Chem Chem Phys},
  author = {Ghosh, S. K. and Cherstvy, A. G. and Metzler, R.},
  year = {2015},
  pages = {1847-1858},
  annote = {*** Looks closely related}
}

@article{forstner_attractive_08,
  title = {Attractive Membrane Domains Control Lateral Diffusion},
  volume = {77},
  doi = {10.1103/PhysRevE.77.051906},
  number = {5},
  journal = {Phys. Rev. E},
  author = {Forstner, M. B. and Martin, D. S. and R{\"u}ckerl, F. and K{\"a}s, J. A. and Selle, C.},
  month = may,
  year = {2008},
  pages = {051906}
}

@article{berry_anomalous_14,
  title = {Anomalous Diffusion Due to Hindering by Mobile Obstacles Undergoing {{Brownian}} Motion or {{Orstein}}-{{Ulhenbeck}} Processes},
  volume = {89},
  doi = {10.1103/PhysRevE.89.022708},
  number = {2},
  journal = {Phys. Rev. E},
  author = {Berry, H. and Chat{\'e}, H.},
  month = feb,
  year = {2014},
  pages = {022708}
}

@article{einstein_uber_05,
  title = {{\"U}ber Die von Der Molekularkinetischen {{Theorie}} Der {{W{\"a}rme}} Geforderte {{Bewegung}} von in Ruhenden {{Fl{\"u}ssigkeiten}} Suspendierten {{Teilchen}}},
  volume = {322},
  doi = {10.1002/andp.19053220806},
  number = {8},
  journal = {Ann. Phys.},
  author = {Einstein, A.},
  month = jan,
  year = {1905},
  pages = {549-560}
}

@article{witten_particle_17,
  title = {The Particle in the Spider's Web: Transport through Biological Hydrogels},
  volume = {9},
  shorttitle = {The Particle in the Spider's Web},
  doi = {10.1039/C6NR09736G},
  number = {24},
  journal = {Nanoscale},
  author = {Witten, J. and Ribbeck, K.},
  month = jun,
  year = {2017},
  pages = {8080-8095}
}

@book{ashcroft_solid_76,
  address = {New York},
  edition = {1 edition},
  title = {Solid {{State Physics}}},
  isbn = {978-0-03-083993-1},
  publisher = {{Brooks Cole}},
  author = {Ashcroft, N. W. and Mermin, N. D.},
  month = jan,
  year = {1976}
}

@book{berg_random_93,
  address = {Princeton, N.J},
  edition = {Revised edition},
  title = {Random {{Walks}} in {{Biology}}},
  isbn = {978-0-691-00064-0},
  publisher = {{Princeton University Press}},
  author = {Berg, H. C.},
  month = sep,
  year = {1993}
}

@article{lett_optical_89,
  title = {Optical Molasses},
  volume = {6},
  copyright = {\&\#169; 1989 Optical Society of America},
  doi = {10.1364/JOSAB.6.002084},
  number = {11},
  journal = {JOSA B},
  author = {Lett, P. D. and Phillips, W. D. and Rolston, S. L. and Tanner, C. E. and Watts, R. N. and Westbrook, C. I.},
  month = nov,
  year = {1989},
  pages = {2084-2107}
}

@article{maguire_design_18,
  title = {Design Principles of Binding-Induced Selective Transport through the Nuclear Pore Complex},
  shorttitle = {Design},
  journal = {(To be published)},
  author = {Maguire, L. and Stefferson, M. W. and Betterton, M. D. and Hough, L. E.},
  year = {2018}
}

@article{stefferson_selforganized_18,
  title = {Self-Organized Band State of Self-Propelled Hard Needles in Two Dimensions},
  journal = {(To be published)},
  author = {Stefferson, M. and Kuan, H.-S. and Glaser, M. A. and Betterton, M. D.},
  year = {2018}
}

@article{kiskin_optical_03,
  title = {Optical {{Microwell Assay}} of {{Membrane Transport Kinetics}}},
  volume = {85},
  doi = {10.1016/S0006-3495(03)74655-4},
  number = {4},
  journal = {Biophys. J.},
  author = {Kiskin, N. I. and Siebrasse, J. P. and Peters, R.},
  month = oct,
  year = {2003},
  pages = {2311-2322}
}

@article{siebrasse_rapid_02,
  title = {Rapid Translocation of {{NTF2}} through the Nuclear Pore of Isolated Nuclei and Nuclear Envelopes},
  volume = {3},
  copyright = {Copyright \textcopyright{} 2002 European Molecular Biology Organization},
  doi = {10.1093/embo-reports/kvf171},
  number = {9},
  journal = {EMBO Rep.},
  author = {Siebrasse, J. P. and Peters, R.},
  month = sep,
  year = {2002},
  pages = {887-892},
  pmid = {12189172}
}

@article{ribbeck_kinetic_01,
  title = {Kinetic Analysis of Translocation through Nuclear Pore Complexes},
  volume = {20},
  doi = {10.1093/emboj/20.6.1320},
  number = {6},
  journal = {EMBO J.},
  author = {Ribbeck, K. and G{\"o}rlich, D.},
  year = {2001},
  pages = {1320-1330},
  annote = {The following values have no corresponding Zotero field:\\
Author Address: ZMBH, INF 282, 69120 Heidelberg, Germany.\\
PB  - Nature Publishing Group\\
L3  - papers2://publication/doi/10.1093/emboj/20.6.1320\\}
}

@article{krapf_mechanisms_15,
  series = {Lipid Domains},
  title = {Mechanisms {{Underlying Anomalous Diffusion}} in the {{Plasma Membrane}}},
  volume = {75},
  shorttitle = {Curr. {{Top}}.  {{Membr}}.},
  journal = {Curr. Top. Membr.},
  author = {Krapf, D.},
  editor = {Kenworthy, A. K.},
  month = jan,
  year = {2015},
  pages = {167-207},
  doi = {10.1016/bs.ctm.2015.03.002}
}

@article{peruani_kinetic_13,
  title = {A Kinetic Model and Scaling Properties of Non-Equilibrium Clustering of Self-Propelled Particles},
  volume = {15},
  doi = {10.1088/1367-2630/15/6/065009},
  number = {6},
  journal = {New J. Phys.},
  author = {Peruani, F. and B{\"a}r, M.},
  year = {2013},
  pages = {065009}
}

@article{zhou_pericellular_12,
  title = {Pericellular {{Matrix Enhances Retention}} and {{Cellular Uptake}} of {{Nanoparticles}}},
  volume = {134},
  doi = {10.1021/ja304119w},
  number = {32},
  journal = {J. Am. Chem. Soc.},
  author = {Zhou, R. and Zhou, H. and Xiong, B. and He, Y. and Yeung, E. S.},
  month = aug,
  year = {2012},
  pages = {13404-13409}
}

@article{olmsted_diffusion_01,
  title = {Diffusion of {{Macromolecules}} and {{Virus}}-{{Like Particles}} in {{Human Cervical Mucus}}},
  volume = {81},
  doi = {10.1016/S0006-3495(01)75844-4},
  number = {4},
  journal = {Biophys. J.},
  author = {Olmsted, S. S. and Padgett, J. L. and Yudin, A. I. and Whaley, K. J. and Moench, T. R. and Cone, R. A.},
  month = oct,
  year = {2001},
  pages = {1930-1937}
}

@article{strambio-de-castillia_nuclear_10,
  title = {The Nuclear Pore Complex: Bridging Nuclear Transport and Gene Regulation},
  volume = {11},
  copyright = {\textcopyright{} 2010 Nature Publishing Group},
  shorttitle = {The Nuclear Pore Complex},
  doi = {10.1038/nrm2928},
  number = {7},
  journal = {Nat. Rev. Mol. Cell Biol.},
  author = {Strambio-De-Castillia, C. and Niepel, M. and Rout, M. P.},
  month = jul,
  year = {2010},
  pages = {490-501},
  annote = {The following values have no corresponding Zotero field:\\
Author Address: Department of Microbiology and Molecular Medicine, University of Geneva, 1 Rue Michel Servet, CH-1211 Geneva, Switzerland. caterina.strambio@unige.ch\\
L3  - papers2://publication/doi/10.1038/nrm2928\\}
}

@article{hoiby_antibiotic_10,
  title = {Antibiotic Resistance of Bacterial Biofilms},
  volume = {35},
  doi = {10.1016/j.ijantimicag.2009.12.011},
  number = {4},
  journal = {Int. J. Antimicrob. Agents},
  author = {H{\o}iby, N. and Bjarnsholt, T. and Givskov, N. and Molin, S. and Ciofu, O.},
  month = apr,
  year = {2010},
  pages = {322-332},
  pmid = {20149602}
}

@article{chen_transient_14,
  title = {Transient {{Antibody}}-{{Mucin Interactions Produce}} a {{Dynamic Molecular Shield}} against {{Viral Invasion}}},
  volume = {106},
  doi = {10.1016/j.bpj.2014.02.038},
  number = {9},
  journal = {Biophys. J.},
  author = {Chen, A. and McKinley, S. A. and Wang, S. and Shi, F. and Mucha, P. J. and Forest, M. G. and Lai, S. K.},
  month = may,
  year = {2014},
  pages = {2028-2036},
  pmid = {24806935},
  pmcid = {PMC4017286}
}

@book{howard_mechanics_01,
  address = {Sunderland, Mass},
  title = {Mechanics of Motor Proteins and the Cytoskeleton},
  isbn = {978-0-87893-334-1},
  lccn = {QP552.C96 H69 2001},
  publisher = {{Sinauer Associates, Publishers}},
  author = {Howard, J.},
  year = {2001}
}

@article{milles_plasticity_15,
  title = {Plasticity of an {{Ultrafast Interaction}} between {{Nucleoporins}} and {{Nuclear Transport Receptors}}},
  volume = {163},
  doi = {10.1016/j.cell.2015.09.047},
  number = {3},
  journal = {Cell},
  author = {Milles, S. and Mercadante, D. and Aramburu, I. V. and Jensen, M. R. and Banterle, N. and Koehler, C. and Tyagi, S. and Clarke, J. and Shammas, S. L. and Blackledge, M. and Gr{\"a}ter, F. and Lemke, E. A.},
  month = oct,
  year = {2015},
  pages = {734-745}
}

@article{zilman_efficiency_07,
  title = {Efficiency, {{Selectivity}}, and {{Robustness}} of {{Nucleocytoplasmic Transport}}},
  volume = {3},
  doi = {10.1371/journal.pcbi.0030125},
  number = {7},
  journal = {PLOS Comput. Biol.},
  author = {Zilman, A. and Talia, S. D. and Chait, B. T. and Rout, M. P. and Magnasco, M. O.},
  month = jul,
  year = {2007},
  pages = {e125}
}

@article{mincer_simulations_11,
  title = {Simulations of Nuclear Pore Transport Yield Mechanistic Insights and Quantitative Predictions.},
  volume = {108},
  doi = {10.1073/pnas.1104521108},
  number = {31},
  journal = {Proc. Natl. Acad. Sci. U.S.A.},
  author = {Mincer, J. S. and Simon, S. M.},
  year = {2011},
  pages = {E351-8},
  annote = {The following values have no corresponding Zotero field:\\
Author Address: Laboratory of Cellular Biophysics, Rockefeller University, 1230 York Avenue, New York, NY 10065, USA.\\
PB  - National Academy of Sciences\\
L3  - papers2://publication/doi/10.1073/pnas.1104521108\\}
}

@article{lowe_importinv_15,
  title = {Importin-$\beta$ Modulates the Permeability of the Nuclear Pore Complex in a {{Ran}}-Dependent Manner},
  copyright = {\textcopyright{} 2015, Lowe et al. This article is distributed under the terms of the Creative Commons Attribution License permitting unrestricted use and redistribution provided that the original author and source are credited.},
  doi = {10.7554/eLife.04052},
  journal = {eLife},
  author = {Lowe, A. R. and Tang, J. H. and Yassif, J. and Graf, M. and Huang, William Y. C. and Groves, J. T. and Weis, K. and Liphardt, J. T.},
  month = mar,
  year = {2015},
  pages = {e04052}
}

@article{gilchrist_accelerating_02,
  title = {Accelerating the {{Rate}} of {{Disassembly}} of {{Karyopherin}}$\cdot${{Cargo Complexes}}},
  volume = {277},
  doi = {10.1074/jbc.M112306200},
  number = {20},
  journal = {J. Biol. Chem.},
  author = {Gilchrist, D. and Mykytka, B. and Rexach, M.},
  month = may,
  year = {2002},
  pages = {18161-18172},
  pmid = {11867631}
}

@article{frenkiel-krispin_structural_10,
  title = {Structural {{Analysis}} of a {{Metazoan Nuclear Pore Complex Reveals}} a {{Fused Concentric Ring Architecture}}},
  volume = {395},
  doi = {10.1016/j.jmb.2009.11.010},
  number = {3},
  journal = {J. Mol. Biol.},
  author = {Frenkiel-Krispin, D. and Maco, B. and Aebi, U. and Medalia, O.},
  month = jan,
  year = {2010},
  pages = {578-586}
}

@article{ribbeck_ntf2_98,
  title = {{{NTF2}} Mediates Nuclear Import of {{Ran}}},
  volume = {17},
  doi = {10.1093/emboj/17.22.6587},
  number = {22},
  journal = {EMBO J.},
  author = {Ribbeck, K. and Lipowsky, G. and Kent, H. M. and Stewart, M. and G{\"o}rlich, D.},
  year = {1998},
  pages = {6587-6598},
  annote = {The following values have no corresponding Zotero field:\\
Author Address: Zentrum f{\"u}r Molekulare Biologie der Universit{\"a}t Heidelberg, Im Neuenheimer Feld 282, 69120 Heidelberg, Germany.\\
PB  - Nature Publishing Group\\
L3  - papers2://publication/doi/10.1093/emboj/17.22.6587\\}
}

@article{gorlich_identification_96,
  title = {Identification of Different Roles for {{RanGDP}} and {{RanGTP}} in Nuclear Protein Import.},
  volume = {15},
  doi = {10.1002/j.1460-2075.1996.tb00943.x},
  number = {20},
  journal = {EMBO J.},
  author = {G{\"o}rlich, D. and Pant{\'e}, N. and Kutay, U. and Aebi, U. and Bischoff, F. R.},
  month = oct,
  year = {1996},
  pages = {5584-5594}
}

@article{tagliazucchi_effect_13,
  title = {Effect of Charge, Hydrophobicity, and Sequence of Nucleoporins on the Translocation of Model Particles through the Nuclear Pore Complex},
  volume = {110},
  doi = {10.1073/pnas.1212909110},
  number = {9},
  journal = {Proc. Natl. Acad. Sci. U.S.A.},
  author = {Tagliazucchi, M. and Peleg, O. and Kr{\"o}ger, M. and Rabin, Y. and Szleifer, I.},
  month = feb,
  year = {2013},
  pages = {3363-3368},
  pmid = {23404701}
}

@article{tu_large_13,
  title = {Large Cargo Transport by Nuclear Pores: Implications for the Spatial Organization of {{FG}}-Nucleoporins},
  volume = {32},
  shorttitle = {Large Cargo Transport by Nuclear Pores},
  doi = {10.1038/emboj.2013.239},
  number = {24},
  journal = {EMBO J.},
  author = {Tu, L.-C. and Fu, G. and Zilman, A. and Musser, S. M.},
  month = dec,
  year = {2013},
  pages = {3220-3230},
  pmid = {24213245},
  pmcid = {PMC3981140}
}

@article{yang_imaging_04,
  title = {Imaging of Single-Molecule Translocation through Nuclear Pore Complexes},
  volume = {101},
  doi = {10.1073/pnas.0403675101},
  number = {35},
  journal = {Proc. Natl. Acad. Sci. U.S.A.},
  author = {Yang, W. and Gelles, J. and Musser, S. M.},
  month = aug,
  year = {2004},
  pages = {12887-12892},
  pmid = {15306682},
  annote = {The following values have no corresponding Zotero field:\\
Author Address: Department of Medical Biochemistry and Genetics, Texas A\&M University System Health Science Center, 1114 TAMU, College Station, TX 77843, USA.\\
PB  - National Academy of Sciences\\
L3  - papers2://publication/doi/10.1073/pnas.0403675101\\}
}

@article{riddick_systems_05,
  title = {A Systems Analysis of Importin-Alpha-Beta-Mediated Nuclear Protein Import.},
  volume = {168},
  doi = {10.1083/jcb.200409024},
  number = {7},
  journal = {J. Cell Biol.},
  author = {Riddick, G. and Macara, I. G.},
  year = {2005},
  pages = {1027-1038}
}

@article{strawn_minimal_04,
  title = {Minimal Nuclear Pore Complexes Define {{FG}} Repeat Domains Essential for Transport.},
  volume = {6},
  doi = {10.1038/ncb1097},
  number = {3},
  journal = {Nat. Cell Biol.},
  author = {Strawn, L. A. and Shen, T. and Shulga, N. and Goldfarb, D. S. and Wente, S. R.},
  year = {2004},
  pages = {197-206},
  note = {PMID:
    15039779},
  annote = {The following values have no corresponding Zotero field:\\
Author Address: Department of Cell and Developmental Biology, Vanderbilt University Medical Center, 3120A MRBIII, 465 21st Avenue South, Nashville, TN 37232-8240, USA.\\
L3  - papers2://publication/doi/10.1038/ncb1097\\}
}

@article{zeitler_fgrepeat_04,
  title = {The {{FG}}-Repeat Asymmetry of the Nuclear Pore Complex Is Dispensable for Bulk Nucleocytoplasmic Transport in Vivo},
  volume = {167},
  copyright = {\textcopyright{} 2004 Rockefeller University Press},
  doi = {10.1083/jcb.200407156},
  number = {4},
  journal = {J. Cell Biol.},
  author = {Zeitler, B. and Weis, K.},
  month = nov,
  year = {2004},
  pages = {583-590},
  pmid = {15557115}
}

@article{kowalczyk_singlemolecule_11,
  title = {Single-Molecule Transport across an Individual Biomimetic Nuclear Pore Complex},
  volume = {6},
  copyright = {\textcopyright{} 2011 Nature Publishing Group},
  doi = {10.1038/nnano.2011.88},
  number = {7},
  journal = {Nat. Nanotechnol},
  author = {Kowalczyk, S. W. and Kapinos, L. and Blosser, T. R. and Magalh{\~a}es, T. and {van Nies}, P. and Lim, R. Y. H. and Dekker, C.},
  month = jul,
  year = {2011},
  pages = {433-438},
  annote = {The following values have no corresponding Zotero field:\\
Author Address: Kavli Institute of Nanoscience, Delft University of Technology, Lorentzweg 1, 2628 CJ Delft, The Netherlands.\\
L3  - papers2://publication/doi/10.1038/nnano.2011.88\\}
}

@article{jovanovic-talisman_artificial_09,
  title = {Artificial Nanopores That Mimic the Transport Selectivity of the Nuclear Pore Complex.},
  volume = {457},
  doi = {10.1038/nature07600},
  number = {7232},
  journal = {Nature},
  author = {Jovanovic-Talisman, T. and Tetenbaum-Novatt, J. and McKenney, A. S. and Zilman, A. and Peters, R. and Rout, M. P. and Chait, B. T.},
  year = {2009},
  pages = {1023-1027},
  annote = {The following values have no corresponding Zotero field:\\
Author Address: Laboratory of Mass Spectrometry and Gaseous Ion Chemistry, The Rockefeller University, 1230 York Avenue, New York, New York 10065, USA.\\
PB  - Nature Publishing Group\\
L3  - papers2://publication/doi/10.1038/nature07600\\}
}

@article{schneider_fluorescent_17,
  series = {Chemical biotechnology Pharmaceutical biotechnology},
  title = {Fluorescent Labelling in Living Cells},
  volume = {48},
  doi = {10.1016/j.copbio.2017.03.012},
  journal = {Curr. Opin. Biotechnol.},
  author = {Schneider, A. F. L. and Hackenberger, C. P. H.},
  month = dec,
  year = {2017},
  pages = {61-68},
  annote = {review}
}

@article{pagliara_channelfacilitated_14,
  title = {Channel-{{Facilitated Diffusion Boosted}} by {{Particle Binding}} at the {{Channel Entrance}}},
  volume = {113},
  doi = {10.1103/PhysRevLett.113.048102},
  number = {4},
  journal = {Phys. Rev. Lett.},
  author = {Pagliara, S. and Dettmer, S. L. and Keyser, U. F.},
  month = jul,
  year = {2014}
}

@article{gao_multiscale_15,
  title = {Multiscale {{Polar Theory}} of {{Microtubule}} and {{Motor}}-{{Protein Assemblies}}},
  volume = {114},
  doi = {10.1103/PhysRevLett.114.048101},
  number = {4},
  journal = {Phys. Rev. Lett.},
  author = {Gao, T. and Blackwell, R. and Glaser, M. A. and Betterton, M. D. and Shelley, M. J.},
  month = jan,
  year = {2015},
  pages = {048101}
}

@article{sutterlin_dynamics_09,
  title = {Dynamics of {{Lane Formation}} in {{Driven Binary Complex Plasmas}}},
  volume = {102},
  doi = {10.1103/PhysRevLett.102.085003},
  number = {8},
  journal = {Phys. Rev. Lett.},
  author = {S{\"u}tterlin, K. R. and Wysocki, A. and Ivlev, A. V. and R{\"a}th, C. and Thomas, H. M. and Rubin-Zuzic, M. and Goedheer, W. J. and Fortov, V. E. and Lipaev, A. M. and Molotkov, V. I. and Petrov, O. F. and Morfill, G. E. and L{\"o}wen, H.},
  month = feb,
  year = {2009},
  pages = {085003}
}

@article{vissers_lane_11,
  title = {Lane Formation in Driven Mixtures of Oppositely Charged Colloids},
  volume = {7},
  doi = {10.1039/C0SM01343A},
  number = {6},
  journal = {Soft Matter},
  author = {Vissers, T. and Wysocki, A. and Rex, M. and L{\"o}wen, H. and Royall, C. P. and Imhof, A. and {van Blaaderen}, A.},
  month = mar,
  year = {2011},
  pages = {2352-2356}
}

@article{leunissen_ionic_05,
  title = {Ionic Colloidal Crystals of Oppositely Charged Particles},
  volume = {437},
  doi = {10.1038/nature03946},
  number = {7056},
  journal = {Nature},
  author = {Leunissen, M. E. and Christova, C. G. and Hynninen, A.-P. and Royall, C. P. and Campbell, A. I. and Imhof, A. and Dijkstra, M. and {van Roij}, R. and {van Blaaderen}, A.},
  month = sep,
  year = {2005},
  pages = {235-240}
}

@article{theurkauff_dynamic_12,
  title = {Dynamic {{Clustering}} in {{Active Colloidal Suspensions}} with {{Chemical Signaling}}},
  volume = {108},
  doi = {10.1103/PhysRevLett.108.268303},
  number = {26},
  journal = {Phys. Rev. Lett.},
  author = {Theurkauff, I. and Cottin-Bizonne, C. and Palacci, J. and Ybert, C. and Bocquet, L.},
  month = jun,
  year = {2012},
  pages = {268303}
}

@book{fornberg_practical_98,
  title = {A {{Practical Guide}} to {{Pseudospectral Methods}}},
  isbn = {978-0-521-64564-5},
  publisher = {{Cambridge University Press}},
  author = {Fornberg, B.},
  month = oct,
  year = {1998}
}

@article{vovk_simple_16,
  title = {Simple Biophysics Underpins Collective Conformations of the Intrinsically Disordered Proteins of the {{Nuclear Pore Complex}}},
  volume = {5},
  copyright = {\textcopyright{} 2016 Vovk et al.. This article is distributed under the terms of the Creative Commons Attribution License, which permits unrestricted use and redistribution provided that the original author and source are credited.},
  doi = {10.7554/eLife.10785},
  journal = {eLife},
  author = {Vovk, A. and Gu, C. and Opferman, M. G. and Kapinos, L. E. and Lim, R. Y. H. and Coalson, R. D. and Jasnow, D. and Zilman, A.},
  month = may,
  year = {2016},
  pages = {e10785}
}

@article{frey_saturated_07,
  title = {A {{Saturated FG}}-{{Repeat Hydrogel Can Reproduce}} the {{Permeability Properties}} of {{Nuclear Pore Complexes}}},
  volume = {130},
  doi = {10.1016/j.cell.2007.06.024},
  number = {3},
  journal = {Cell},
  author = {Frey, S. and G{\"o}rlich, D.},
  month = aug,
  year = {2007},
  pages = {512-523}
}

@article{kim_injectable_15,
  title = {Injectable, Spontaneously Assembling Inorganic Scaffolds Modulate Immune Cells in Vivo and Increase Vaccine Efficacy},
  volume = {33},
  doi = {10.1038/nbt.3071},
  number = {1},
  journal = {Nat. Biotechnol.},
  author = {Kim, J. and Li, W. A. and Choi, Y. and Lewin, S. A. and Verbeke, C. S. and Dranoff, G. and Mooney, D. J.},
  month = jan,
  year = {2015},
  pages = {64-72},
  pmid = {25485616},
  pmcid = {PMC4318563}
}

@article{ader_amyloidlike_10,
  title = {Amyloid-like Interactions within Nucleoporin {{FG}} Hydrogels},
  doi = {10.1073/pnas.0910163107},
  journal = {Proc. Natl. Acad. Sci. U.S.A.},
  author = {Ader, C. and Frey, S. and Maas, W. and Schmidt, H. B. and Gorlich, D. and Baldus, M.},
  year = {2010},
  pages = {1-5},
  annote = {The following values have no corresponding Zotero field:\\
PB  - National Acad Sciences\\
L3  - papers2://publication/doi/10.1073/pnas.0910163107\\}
}

@article{ando_nuclear_14,
  title = {Nuclear {{Pore Complex Protein Sequences Determine Overall Copolymer Brush Structure}} and {{Function}}},
  volume = {106},
  doi = {10.1016/j.bpj.2014.03.021},
  number = {9},
  journal = {Biophys. J.},
  author = {Ando, D. and Zandi, R. and Kim, Y. W. and Colvin, M. and Rexach, M. and Gopinathan, A.},
  month = may,
  year = {2014},
  pages = {1997-2007}
}

@article{schoch_nuclear_12,
  title = {Nuclear Transport Receptor Binding Avidity Triggers a Self-Healing Collapse Transition in {{FG}}-Nucleoporin Molecular Brushes},
  volume = {109},
  doi = {10.1073/pnas.1208440109},
  number = {42},
  journal = {Proc. Natl. Acad. Sci. U.S.A.},
  author = {Schoch, R. L. and Kapinos, L. E. and Lim, R. Y. H.},
  month = oct,
  year = {2012},
  pages = {16911-16916},
  pmid = {23043112}
}

@article{maimon_human_12,
  title = {The {{Human Nuclear Pore Complex}} as {{Revealed}} by {{Cryo}}-{{Electron Tomography}}},
  volume = {20},
  doi = {10.1016/j.str.2012.03.025},
  number = {6},
  journal = {Structure},
  author = {Maimon, T. and Elad, N. and Dahan, I. and Medalia, O.},
  month = jun,
  year = {2012},
  pages = {998-1006}
}

@article{cardarelli_vivo_10,
  title = {In {{Vivo Imaging}} of {{Single}}-{{Molecule Translocation Through Nuclear Pore Complexes}} by {{Pair Correlation Functions}}},
  volume = {5},
  doi = {10.1371/journal.pone.0010475},
  number = {5},
  journal = {PLOS ONE},
  author = {Cardarelli, F. and Gratton, E.},
  month = may,
  year = {2010},
  pages = {e10475}
}

@article{pyhtila_gradient_03,
  title = {A Gradient of Affinity for the Karyopherin {{Kap95p}} along the Yeast Nuclear Pore Complex},
  volume = {278},
  doi = {10.1074/jbc.M307135200},
  number = {43},
  journal = {J. Biol. Chem.},
  author = {Pyhtila, B. and Rexach, M.},
  year = {2003},
  pages = {42699-42709}
}

@article{tetenbaum-novatt_nucleocytoplasmic_12,
  title = {Nucleocytoplasmic Transport: {{A}} Role for Non-Specific Competition in Karyopherin-Nucleoporin Interactions.},
  doi = {10.1074/mcp.M111.013656},
  journal = {Mol. Cell. Proteomics},
  author = {Tetenbaum-Novatt, J. and Hough, L. E. and Mironska, R. and McKenney, A. S. and Rout, M. P.},
  year = {2012}
}

@article{yamada_bimodal_10,
  title = {A Bimodal Distribution of Two Distinct Categories of Intrinsically Disordered Structures with Separate Functions in {{FG}} Nucleoporins.},
  volume = {9},
  doi = {10.1074/mcp.M000035-MCP201},
  number = {10},
  journal = {Mol. Cell. Proteomics},
  author = {Yamada, J. and Phillips, J. L. and Patel, S. and Goldfien, G. and Calestagne-Morelli, Alison and Huang, H. and Reza, R. and Acheson, J. and Krishnan, V. V. and Newsam, S. and Gopinathan, A. and Lau, E. Y. and Colvin, M. E. and Uversky, V. N. and Rexach, M. F.},
  year = {2010},
  pages = {2205-2224},
  annote = {The following values have no corresponding Zotero field:\\
Author Address: Department of Molecular, Cell, and Developmental Biology, University of California, Santa Cruz, California 95064, USA.\\
L3  - papers2://publication/doi/10.1074/mcp.M000035-MCP201\\}
}

@article{pulupa_coarsegrained_17,
  title = {A Coarse-Grained Computational Model of the Nuclear Pore Complex Predicts {{Phe}}-{{Gly}} Nucleoporin Dynamics},
  copyright = {\textcopyright{} 2017 Pulupa et al.. http://www.rupress.org/terms/https://creativecommons.org/licenses/by-nc-sa/4.0/This article is distributed under the terms of an Attribution\textendash{}Noncommercial\textendash{}Share Alike\textendash{}No Mirror Sites license for the first six months after the publication date (see http://www.rupress.org/terms/). After six months it is available under a Creative Commons License (Attribution\textendash{}Noncommercial\textendash{}Share Alike 4.0 International license, as described at https://creativecommons.org/licenses/by-nc-sa/4.0/).},
  doi = {10.1085/jgp.201711769},
  journal = {J. Gen. Physiol.},
  author = {Pulupa, J. and Rachh, M. and Tomasini, M. D. and Mincer, J. S. and Simon, S. M.},
  month = sep,
  year = {2017},
  pages = {jgp.201711769},
  pmid = {28887410},
  annote = {Also has a good introductory paragraph on simulations.

~

JGP\_201711769 1..16

Our simulation is consistent with a model that suggests that FG-Nups are subject to rapid Brownian mo- tion, with fast local rearrangements on the order of mi- croseconds (Mincer and Simon, 2011; Moussavi-Baygi and Mofrad, 2016) and slower larger-scale rearrangements on the order of milliseconds}
}

@article{tetenbaum-novatt_mechanism_10,
  title = {The Mechanism of Nucleocytoplasmic Transport through the Nuclear Pore Complex.},
  volume = {75},
  doi = {10.1101/sqb.2010.75.033},
  journal = {Cold Spring Harb. Symp. Quant. Biol.},
  author = {Tetenbaum-Novatt, J. and Rout, M. P.},
  year = {2010},
  pages = {567-584},
  annote = {The following values have no corresponding Zotero field:\\
Author Address: Laboratory of Cellular and Structural Biology, The Rockefeller University, New York, New York 10065, USA.\\
L3  - papers2://publication/doi/10.1101/sqb.2010.75.033\\}
}

@article{blackwell_physical_17,
  title = {Physical Determinants of Bipolar Mitotic Spindle Assembly and Stability in Fission Yeast},
  volume = {3},
  copyright = {Copyright \textcopyright{} 2017, The Authors. This is an open-access article distributed under the terms of the Creative Commons Attribution-NonCommercial license, which permits use, distribution, and reproduction in any medium, so long as the resultant use is not for commercial advantage and provided the original work is properly cited.},
  doi = {10.1126/sciadv.1601603},
  number = {1},
  journal = {Sci. Adv},
  author = {Blackwell, R. and Edelmaier, C. and Sweezy-Schindler, O. and Lamson, A. and Gergely, Zachary R. and O'Toole, E. and Crapo, A. and Hough, L. E. and McIntosh, J. R. and Glaser, M. A. and Betterton, M. D.},
  month = jan,
  year = {2017},
  pages = {e1601603}
}

@article{frey_fg_09,
  title = {{{FG}}/{{FxFG}} as Well as {{GLFG}} Repeats Form a Selective Permeability Barrier with Self-Healing Properties},
  volume = {28},
  doi = {10.1038/emboj.2009.199},
  number = {17},
  journal = {EMBO J.},
  author = {Frey, S. and G{\"o}rlich, D.},
  year = {2009},
  pages = {2554-2567},
  annote = {The following values have no corresponding Zotero field:\\
Author Address: Max-Planck-Institut f{\"u}r Biophysikalische Chemie, Am Fassberg, G{\"o}ttingen, Germany.\\
PB  - Nature Publishing Group\\
L3  - papers2://publication/doi/10.1038/emboj.2009.199\\}
}

@article{rout_yeast_00,
  title = {The {{Yeast Nuclear Pore Complex Composition}}, {{Architecture}}, and {{Transport Mechanism}}},
  volume = {148},
  doi = {10.1083/jcb.148.4.635},
  number = {4},
  journal = {J. Cell Biol.},
  author = {Rout, M. P. and Aitchison, J. D. and Suprapto, A. and Hjertaas, K. and Zhao, Y. and Chait, B. T.},
  month = feb,
  year = {2000},
  pages = {635-652},
  pmid = {10684247},
  annote = {The following values have no corresponding Zotero field:\\
Author Address: The Rockefeller University, New York, NY 10021, USA. rout@rockvax.rockefeller.edu\\
L3  - papers2://publication/uuid/81780938-BEB2-4C11-BC1F-FBF0DE64DA39\\}
}

@article{patel_natively_07,
  title = {Natively Unfolded Nucleoporins Gate Protein Diffusion across the Nuclear Pore Complex},
  volume = {129},
  doi = {10.1016/j.cell.2007.01.044},
  number = {1},
  journal = {Cell},
  author = {Patel, S. S. and Belmont, B. J. and Sante, J. M. and Rexach, M. F.},
  year = {2007},
  pages = {83-96},
  annote = {The following values have no corresponding Zotero field:\\
Author Address: MCD Biology, University of California Santa Cruz, Santa Cruz, CA 95064, USA.\\
PB  - Elsevier Inc.\\
L3  - papers2://publication/doi/10.1016/j.cell.2007.01.044\\}
}

@article{lim_nanomechanical_07,
  title = {Nanomechanical {{Basis}} of {{Selective Gating}} by the {{Nuclear Pore Complex}}},
  volume = {318},
  doi = {10.1126/science.1145980},
  number = {5850},
  journal = {Science},
  author = {Lim, R. Y. H. and Fahrenkrog, B. and K{\"o}ser, J. and Schwarz-Herion, K. and Deng, J. and Aebi, U.},
  month = oct,
  year = {2007},
  pages = {640-643},
  pmid = {17916694},
  annote = {The following values have no corresponding Zotero field:\\
Author Address: M. E. M{\"u}ller Institute for Structural Biology, Biozentrum, University of Basel, Klingelbergstrasse 70, Basel 4056, Switzerland. roderick.lim@unibas.ch\\
PB  - American Association for the Advancement of Science\\
L3  - papers2://publication/doi/10.1126/science.1145980\\}
}

@article{milles_mapping_14,
  title = {Mapping {{Multivalency}} and {{Differential Affinities}} within {{Large Intrinsically Disordered Protein Complexes}} with {{Segmental Motion Analysis}}},
  volume = {53},
  copyright = {\textcopyright{} 2014 WILEY-VCH Verlag GmbH \& Co. KGaA, Weinheim},
  doi = {10.1002/anie.201403694},
  number = {28},
  journal = {Angew. Chem. Int. Ed.},
  author = {Milles, S. and Lemke, E. A.},
  month = jul,
  year = {2014},
  pages = {7364-7367}
}

@article{receveur-brechot_how_12,
  title = {How {{Random}} Are {{Intrinsically Disordered Proteins}}? {{A Small Angle Scattering Perspective}}},
  volume = {13},
  shorttitle = {How {{Random}} Are {{Intrinsically Disordered Proteins}}?},
  doi = {10.2174/138920312799277901},
  number = {1},
  journal = {Curr. Protein Pept. Sci.},
  author = {Receveur-Br{\'e}chot, V. and Durand, D.},
  month = feb,
  year = {2012},
  pages = {55-75},
  pmid = {22044150},
  pmcid = {PMC3394175}
}

@article{feric_coexisting_16,
  title = {Coexisting {{Liquid Phases Underlie Nucleolar Subcompartments}}},
  volume = {165},
  doi = {10.1016/j.cell.2016.04.047},
  number = {7},
  journal = {Cell},
  author = {Feric, M. and Vaidya, N. and Harmon, T. S. and Mitrea, D. M. and Zhu, L. and Richardson, T. M. and Kriwacki, R. W. and Pappu, R. V. and Brangwynne, C. P.},
  month = jun,
  year = {2016},
  pages = {1686-1697}
}

@article{braga_reactiondiffusion_07,
  title = {A {{Reaction}}-{{Diffusion Model}} to {{Study RNA Motion}} by {{Quantitative Fluorescence Recovery}} after {{Photobleaching}}},
  volume = {92},
  doi = {10.1529/biophysj.106.096693},
  number = {8},
  journal = {Biophys. J.},
  author = {Braga, J. and McNally, J. G. and Carmo-Fonseca, M.},
  month = apr,
  year = {2007},
  pages = {2694-2703}
}

@article{celli_helicobacter_09,
  title = {Helicobacter Pylori Moves through Mucus by Reducing Mucin Viscoelasticity},
  volume = {106},
  number = {34},
  journal = {Proc. Natl. Acad. Sci. U.S.A.},
  author = {Celli, J. P. and Turner, B. S. and Afdhal, N. H. and Keates, S. and Ghiran, I. and Kelly, C. P. and Ewoldt, R. H. and McKinley, G. H. and So, P. and Erramilli, S.},
  year = {2009},
  pages = {14321--14326}
}

@article{brangwynne_polymer_15,
  title = {Polymer Physics of Intracellular Phase Transitions},
  volume = {11},
  copyright = {\textcopyright{} 2015 Nature Publishing Group},
  doi = {10.1038/nphys3532},
  number = {11},
  journal = {Nat. Phys.},
  author = {Brangwynne, C. P. and Tompa, P. and Pappu, R. V.},
  month = nov,
  year = {2015},
  pages = {899-904}
}

@article{simons_membrane_11,
  title = {Membrane {{Organization}} and {{Lipid Rafts}}},
  volume = {3},
  doi = {10.1101/cshperspect.a004697},
  number = {10},
  journal = {Cold Spring Harb Perspect Biol.},
  author = {Simons, K. and Sampaio, J. L.},
  month = oct,
  year = {2011},
  pmid = {21628426},
  pmcid = {PMC3179338}
}

@article{menzel_unidirectional_13,
  title = {Unidirectional Laning and Migrating Cluster Crystals in Confined Self-Propelled Particle Systems},
  volume = {25},
  doi = {10.1088/0953-8984/25/50/505103},
  number = {50},
  journal = {J. Phys. Condens. Matter},
  author = {Menzel, A. M.},
  year = {2013},
  pages = {505103}
}

@article{kudrolli_swarming_08,
  title = {Swarming and {{Swirling}} in {{Self}}-{{Propelled Polar Granular Rods}}},
  volume = {100},
  doi = {10.1103/PhysRevLett.100.058001},
  number = {5},
  journal = {Phys. Rev. Lett.},
  author = {Kudrolli, A. and Lumay, G. and Volfson, D. and Tsimring, L. S.},
  month = feb,
  year = {2008},
  pages = {058001}
}

@article{kahl_classical_09,
  title = {Classical Density Functional Theory: An Ideal Tool to Study Heterogeneous Crystal Nucleation},
  volume = {21},
  shorttitle = {Classical Density Functional Theory},
  doi = {10.1088/0953-8984/21/46/464101},
  number = {46},
  journal = {J. Phys.: Condens. Matter},
  author = {Kahl, G. and L{\"o}wen, H.},
  year = {2009},
  pages = {464101}
}

@article{choudhary_ddft_11,
  title = {{{DDFT}} Calibration and Investigation of an Anisotropic Phase-Field Crystal Model},
  volume = {23},
  doi = {10.1088/0953-8984/23/26/265005},
  number = {26},
  journal = {J. Phys.: Condens. Matter},
  author = {Choudhary, M. A. and Li, D. and Emmerich, H. and L{\"o}wen, H.},
  year = {2011},
  pages = {265005}
}

@article{nedelec_selforganization_97,
  title = {Self-Organization of Microtubules and Motors},
  volume = {389},
  doi = {10.1038/38532},
  number = {6648},
  journal = {Nature},
  author = {N{\'e}d{\'e}lec, F. J. and Surrey, T. and Maggs, A. C. and Leibler, S.},
  month = sep,
  year = {1997},
  pages = {305-308},
  pmid = {9305848}
}


